<?xml version="1.0" encoding="UTF-8"?><collection xmlns="http://www.loc.gov/MARC21/slim"><record><leader>00641nam--2200205-i-4500</leader><controlfield tag="001">000024590</controlfield><controlfield tag="002">20161230</controlfield><controlfield tag="005">20170118215351</controlfield><controlfield tag="008">060222s1000------------r-----000-0-eng-d</controlfield><datafield ind1=" " ind2=" " tag="020"><subfield code="a">0540155376</subfield></datafield><datafield ind1=" " ind2=" " tag="040"><subfield code="a">IFIN-HH</subfield></datafield><datafield ind1=" " ind2=" " tag="080"><subfield code="a">535.8(061.3)</subfield></datafield><datafield ind1="1" ind2=" " tag="100"><subfield code="a">Nolting, H. P</subfield></datafield><datafield ind1="1" ind2="0" tag="245"><subfield code="a">Integrated optics</subfield><subfield code="b">Proceedings of the Third European Conference, ECIO'85 Berlin, Germany, May 6-8, 1985</subfield><subfield code="c">H.P.Nolting; R. Ulrich (Eds.)</subfield></datafield><datafield ind1=" " ind2=" " tag="260"><subfield code="a">New York</subfield><subfield code="b">Springer-Verlag</subfield><subfield code="c">1985</subfield></datafield><datafield ind1=" " ind2=" " tag="300"><subfield code="a">X + 242 p</subfield></datafield><datafield ind1=" " ind2=" " tag="490"><subfield code="a">Springer Series In Optical Scciences</subfield><subfield code="v">Vol. 48</subfield></datafield><datafield ind1=" " ind2=" " tag="700"><subfield code="a">Ulrich, R</subfield><subfield code="e">Ed</subfield></datafield><datafield ind1=" " ind2=" " tag="852"><subfield code="a">44207</subfield><subfield code="c">535</subfield></datafield><datafield ind1=" " ind2=" " tag="CAT"><subfield code="a">SYS</subfield><subfield code="c">20170118</subfield><subfield code="h">215351</subfield></datafield></record></collection>